@Manual{R-bigrquery,
  title = {bigrquery: An Interface to Google's 'BigQuery' 'API'},
  author = {Hadley Wickham},
  year = {2019},
  note = {R package version 1.1.0},
  url = {https://CRAN.R-project.org/package=bigrquery},
}
@Manual{R-bookdown,
  title = {bookdown: Authoring Books and Technical Documents with R Markdown},
  author = {Yihui Xie},
  year = {2018},
  note = {R package version 0.9},
  url = {https://CRAN.R-project.org/package=bookdown},
}
@Manual{R-CausalImpact,
  title = {CausalImpact: Inferring Causal Effects using Bayesian Structural Time-Series
Models},
  author = {Kay H. Brodersen and Alain Hauser},
  year = {2017},
  note = {R package version 1.2.4},
  url = {https://google.github.io/CausalImpact/},
}
@Manual{R-ChannelAttribution,
  title = {ChannelAttribution: Markov Model for the Online Multi-Channel Attribution Problem},
  author = {Davide Altomare and David Loris},
  year = {2018},
  note = {R package version 1.14},
  url = {https://CRAN.R-project.org/package=ChannelAttribution},
}
@Manual{R-DBI,
  title = {DBI: R Database Interface},
  author = {{R Special Interest Group on Databases (R-SIG-DB)} and Hadley Wickham and Kirill MÃ¼ller},
  year = {2018},
  note = {R package version 1.0.0},
  url = {https://CRAN.R-project.org/package=DBI},
}
@Manual{R-knitr,
  title = {knitr: A General-Purpose Package for Dynamic Report Generation in R},
  author = {Yihui Xie},
  year = {2018},
  note = {R package version 1.21},
  url = {https://CRAN.R-project.org/package=knitr},
}
@Manual{R-lubridate,
  title = {lubridate: Make Dealing with Dates a Little Easier},
  author = {Vitalie Spinu and Garrett Grolemund and Hadley Wickham},
  year = {2018},
  note = {R package version 1.7.4},
  url = {https://CRAN.R-project.org/package=lubridate},
}
@Manual{R-markovchain,
  title = {markovchain: Easy Handling Discrete Time Markov Chains},
  author = {Giorgio Alfredo Spedicato and Tae {Seung Kang} and Sai {Bhargav Yalamanchi} and Deepak Yadav},
  year = {2019},
  note = {R package version 0.6.9.14},
  url = {https://CRAN.R-project.org/package=markovchain},
}
@Manual{R-rmarkdown,
  title = {rmarkdown: Dynamic Documents for R},
  author = {JJ Allaire and Yihui Xie and Jonathan McPherson and Javier Luraschi and Kevin Ushey and Aron Atkins and Hadley Wickham and Joe Cheng and Winston Chang and Richard Iannone},
  year = {2018},
  note = {R package version 1.11},
  url = {https://CRAN.R-project.org/package=rmarkdown},
}
@Manual{R-survival,
  title = {survival: Survival Analysis},
  author = {Terry M Therneau},
  year = {2019},
  note = {R package version 2.44-1.1},
  url = {https://CRAN.R-project.org/package=survival},
}
@Manual{R-survminer,
  title = {survminer: Drawing Survival Curves using 'ggplot2'},
  author = {Alboukadel Kassambara and Marcin Kosinski},
  year = {2018},
  note = {R package version 0.4.3},
  url = {https://CRAN.R-project.org/package=survminer},
}
@Manual{R-tidyverse,
  title = {tidyverse: Easily Install and Load the 'Tidyverse'},
  author = {Hadley Wickham},
  year = {2017},
  note = {R package version 1.2.1},
  url = {https://CRAN.R-project.org/package=tidyverse},
}
